@online{symfony,
    title = "Symfony Documentation",
    url  = "https://symfony.com/doc/6.4/index.html"
}

@online{bootstrap,
    title = "Bootstrap Download",
    url  = "https://getbootstrap.com/docs/5.3/getting-started/download/"
}

@online{doctrine,
	title = "Doctrine ORM",
	url = "https://symfony.com/doc/current/doctrine.html"

}

@online{symfony-cli, 
	title = "Symfony CLI",
	url = "https://github.com/symfony-cli/symfony-cli"
}

@online{environnement,
	title = "Environnement adapté à Symfony",
	url = "https://symfony.com/doc/6.4/the-fast-track/en/1-tools.html#symfony-cli"
}